<record><leader>00000cas a22000007a 4500</leader><controlfield tag="001">9540845</controlfield><controlfield tag="008">830524d18521853ohuwr ne      0    0eng d</controlfield><controlfield tag="009">3783</controlfield><datafield ind1=" " ind2=" " tag="010"><subfield code="a">sn 83035134 </subfield></datafield><datafield ind1=" " ind2=" " tag="040"><subfield code="a">NPY</subfield><subfield code="b">eng</subfield><subfield code="c">NPY</subfield><subfield code="d">NPX</subfield><subfield code="d">DLC</subfield><subfield code="d">ONP</subfield></datafield><datafield ind1="1" ind2=" " tag="029"><subfield code="a">AU@</subfield><subfield code="b">000025839230</subfield></datafield><datafield ind1=" " ind2=" " tag="042"><subfield code="a">msc</subfield></datafield><datafield ind1="0" ind2="0" tag="050"><subfield code="a">Newspaper 9214-X</subfield></datafield><datafield ind1="0" ind2=" " tag="130"><subfield code="a">Weekly true Democrat (Cleveland, Ohio : 1852)</subfield></datafield><datafield ind1="0" ind2="0" tag="245"><subfield code="a">Weekly true Democrat.</subfield></datafield><datafield ind1=" " ind2=" " tag="260"><subfield code="a">Cleveland, [Ohio :</subfield><subfield code="b">s.n.],</subfield><subfield code="c">1852-</subfield></datafield><datafield ind1=" " ind2=" " tag="300"><subfield code="a">v. ;</subfield><subfield code="c">72 cm.</subfield></datafield><datafield ind1=" " ind2=" " tag="310"><subfield code="a">Weekly</subfield></datafield><datafield ind1="0" ind2=" " tag="362"><subfield code="a">Vol. 7, no. 1 (Jan. 7, 1852)-</subfield></datafield><datafield ind1="1" ind2=" " tag="362"><subfield code="a">Ceased in Oct. 1853.</subfield><subfield code="z">Cf. Gutgesell, S.  Guide to Ohio newspapers, 1974.</subfield></datafield><datafield ind1=" " ind2=" " tag="500"><subfield code="a">Publishers: Smead and Cowles, &lt;1852&gt;; H.C. Gray, &lt;1853&gt;.</subfield></datafield><datafield ind1="1" ind2=" " tag="700"><subfield code="a">Gray, H. C.</subfield></datafield><datafield ind1=" " ind2=" " tag="752"><subfield code="a">United States</subfield><subfield code="b">Ohio</subfield><subfield code="c">Cuyahoga</subfield><subfield code="d">Cleveland.</subfield></datafield><datafield ind1="0" ind2=" " tag="775"><subfield code="t">Morning daily true Democrat</subfield><subfield code="w">(DLC)sn 83035140</subfield></datafield><datafield ind1="0" ind2="0" tag="780"><subfield code="t">Cleveland true Democrat</subfield><subfield code="w">(DLC)sn 83035133</subfield></datafield><datafield ind1="0" ind2="7" tag="785"><subfield code="t">Weekly Forest City</subfield><subfield code="w">(DLC)sn 85025849</subfield></datafield><datafield ind1="0" ind2="7" tag="785"><subfield code="t">Weekly Forest City Democrat</subfield><subfield code="w">(DLC)sn 83035135</subfield></datafield></record>